% Bibliografía

% Este fichero contiene la bibliografía de la memoria
% Está en un formato que se conoce como BibTex.
% Hay muchos sitios web que exportan referencias en formato BibTeX.
% Prueba a buscar en http://scholar.google.com por referencias
% y verás que lo puedes hacer de manera sencilla.
% Más información:
% http://texblog.org/2014/04/22/using-google-scholar-to-download-bibtex-citations/

% Existen varias posibilidades para referenciar diferentes tipos de documentos,
% ya que los datos necesarios varían. Así, existen formatos de entrada para
%     * libros (book)
%     * artículos en revistas de investigación (article)
%     * capítulos de libro (incollection)
%     * informes técnicos (techreport)
%     * otros (misc)
%
% Las páginas web deberían ir como misc.

% Una última cosa: no referencias nunca la WikiPedia
% La WikiPedia, como buena enciclopedia, no es fuente primaria.
% Si acaso, busca por citas en la WikiPedia (que sí ha de referenciar fuentes
% primarias) y haz referencia a las mismas.

@misc{apps-types,
  author = {{Martínez, Adrián}},
  title = {Tipos de aplicaciones móviles: nativas, web e híbridas},
  howpublished = {\url{https://www.futurespace.es/en/tipos-de-aplicaciones-moviles/}},
  note = {Consultado el 10 de diciembre de 2024}
}

@misc{native-hybrid-apps,
  author = {{Soto, María}},
  title = {Native vs. Hybrid App: Advantages and Disadvantages},
  year = {2021},
  howpublished = {\url{https://www.plainconcepts.com/native-vs-hybrid-app-advantages-and-disadvantages/ }},
  note = {Consultado el 10 de diciembre de 2024}
}

@misc{apps-types-difference,
  author = {{Amazon Web Services}},
  title = {¿Cuál es la diferencia entre las aplicaciones web, las aplicaciones nativas y las aplicaciones híbridas?},
  howpublished = {\url{https://aws.amazon.com/es/compare/the-difference-between-web-apps-native-apps-and-hybrid-apps/}},
  note = {Consultado el 10 de diciembre de 2024}
}

@misc{android-ios-map,
  author = {{Florencia Melo, María}},
  title = {El mapa mundial de Android e iOS},
  year = {2024},
  howpublished = {\url{https://es.statista.com/grafico/29620/sistema-operativo-movil-con-la-mayor-cuota-de-mercado-por-pais/}},
  note = {Consultado el 10 de diciembre de 2024}
}

@misc{apps-market,
  author = {{Fernández, Rosa}},
  title = {Cuota de mercado de los sistemas operativos para smartphones en España de 2012 a 2023},
  year = {2024},
  howpublished = {\url{https://es.statista.com/estadisticas/473759/tasa-penetracion-sistema-operativo-smartphone-espana/}},
  note = {Consultado el 10 de diciembre de 2024}
}

@misc{bring,
  author = {{Bring}},
  title = {The simplest shopping list for sharing},
  howpublished = {\url{https://www.getbring.com/en/home}},
  note = {Consultado el 10 de diciembre de 2024}
}

@misc{listonic,
  author = {{Listonic}},
  title = {La lista de compras inteligente},
  howpublished = {\url{https://listonic.com/es/}},
  note = {Consultado el 10 de diciembre de 2024}
}

@misc{kotlin,
  author = {{JetBrains}},
  title = {Kotlin vs Java: A Detailed Comparison},
  year = {2024},
  howpublished = {\url{https://kotlinlang.org/docs/comparison-to-java.html}},
  note = {Consultado el 10 de diciembre de 2024}
}

@misc{android-studio,
  author = {{Android Developers}},
  title = {Android Studio},
  year = {2024},
  howpublished = {\url{https://developer.android.com/studio?hl=es-419}}
}

@misc{git,
  author = {{Git community}},
  title = {Git},
  year = {2024},
  howpublished = {\url{https://git-scm.com}}
}

@misc{github,
  author = {{GitHub community}},
  title = {GitHub},
  year = {2024},
  howpublished = {\url{https://docs.github.com/es}}
}

@misc{jetpack,
  author = {{Android Developers}},
  title = {Jetpack Compose},
  year = {2024},
  howpublished = {\url{https://developer.android.com/jetpack/compose}},
  note = {Consultado el 10 de diciembre de 2024}
}

@misc{jetpack-navigation,
  author = {{Android Developers}},
  title = {Jetpack Navigation},
  year = {2024},
  howpublished = {\url{https://developer.android.com/jetpack/androidx/releases/navigation?hl=es-419}},
  note = {Consultado el 10 de diciembre de 2024}
}

@misc{firebase,
  author = {Google Firebase},
  title = {Firebase Documentation},
  year = {2024},
  note = {\url{https://firebase.google.com/docs}}
}

@misc{firestore,
  author = {{Google Firebase}},
  title = {Firebase Firestore Documentation},
  year = {2024},
  howpublished = {\url{https://firebase.google.com/docs/firestore}},
  note = {Consultado el 16 de diciembre de 2024}
}

@misc{firebase-auth,
  author = {{Google Firebase}},
  title = {Firebase Authentication},
  year = {2024},
  howpublished = {\url{https://firebase.google.com/docs/auth}},
  note = {Consultado el 16 de diciembre de 2024}
}

@misc{firebase-emulator,
  author = {{Google Firebase}},
  title = {Test your app with Firebase Emulator Suite},
  year = {2024},
  howpublished = {\url{https://firebase.google.com/docs/emulator-suite}},
  note = {Consultado el 12 de diciembre de 2024}
}

@misc{hilt,
  author = {{Android Developers}},
  title = {Dependency Injection with Hilt},
  year = {2024},
  howpublished = {\url{https://developer.android.com/training/dependency-injection/hilt-android}},
  note = {Consultado el 16 de diciembre de 2024}
}

@misc{designthinking,
  author = {{Design Thinking España}},
  title = {¿Qué es Design Thinking?},
  year = {2024},
  howpublished = {\url{https://designthinkingespaña.com}},
  note = {Consultado el 16 de diciembre de 2024}
}

@misc{six-thinking-hats,
  author = {{Linkbig}},
  title = {Six Thinking Hats},
  year = {2024},
  howpublished = {\url{https://linkbig.es/herramientas/six-thinking-hats/}},
  note = {Consultado el 15 de enero de 2025}
}

@book{leanstartup,
  author = {Eric Ries},
  title = {The Lean Startup: How Today's Entrepreneurs Use Continuous Innovation to Create Radically Successful Businesses},
  publisher = {Crown Publishing Group},
  year = {2011}
}

@misc{agile,
  author = {{Sutherland, Jeff; Schwaber, Ken}},
  title = {ScrumGuides},
  year = {2020},
  howpublished = {\url{https://scrumguides.org/scrum-guide.html}},
  note = {Consultado el 19 de diciembre de 2024}
}

@misc{what-is-agile,
  author = {{Atlassian}},
  title = {What is Agile?},
  howpublished = {\url{https://www.atlassian.com/agile}},
  note = {Consultado el 19 de diciembre de 2024}
}

@misc{agile-essentials,
  author = {{Agile Essentials}},
  title = {Agile essentials: Agile 101. What is Agile?},
  howpublished = {\url{https://www.agilealliance.org/agile101/}},
  note = {Consultado el 19 de diciembre de 2024}
}

@misc{agilemanifest,
  author = {{Kent Beck, Mike Beedle, Arie van Bennekum, Alistair Cockburn, Ward Cunningham, Martin Fowler, James Grenning, Jim Highsmith, Andrew Hunt, Ron Jeffries, Jon Kern, Brian Marick, Robert C. Martin, Steve Mellor, Ken Schwaber, Jeff Sutherland, Dave Thomas}},
  title = {Manifiesto por el Desarrollo Ágil de Software},
  year = {2001},
  note = {Consultado el 19 de diciembre de 2024},
  howpublished = {\url{https://agilemanifesto.org/iso/es/manifesto.html}}
}

@misc{agilemanifestprinciples,
  author = {{Kent Beck, Mike Beedle, Arie van Bennekum, Alistair Cockburn, Ward Cunningham, Martin Fowler, James Grenning, Jim Highsmith, Andrew Hunt, Ron Jeffries, Jon Kern, Brian Marick, Robert C. Martin, Steve Mellor, Ken Schwaber, Jeff Sutherland, Dave Thomas}},
  title = {Principios del Manifiesto Ágil},
  year = {2001},
  note = {Consultado el 19 de diciembre de 2024},
  howpublished = {\url{https://agilemanifesto.org/iso/es/principles.html}}
}

@misc{scrum,
  author = {{Scrum.org}},
  title = {What is Scrum},
  year = {2024},
  howpublished = {\url{https://www.scrum.org/learning-series/what-is-scrum/}},
  note = {Consultado el 18 de diciembre de 2024}
}

@misc{what-is-scrum,
  author = {{Atlassian}},
  title = {What is Scrum?},
  howpublished = {\url{https://www.atlassian.com/agile/scrum}},
  note = {Consultado el 18 de diciembre de 2024}
}

@misc{kanban,
  author = {{Dan Radigan}},
  title = {¿Qué es kanban?},
  year = {2024},
  howpublished = {\url{https://www.atlassian.com/es/agile/kanban}},
  note = {Consultado el 19 de diciembre de 2024}
}

@misc{extreme-programming,
  author = {{Alicia Raeburn}},
  title = {¿Qué es kanban?},
  year = {2025},
  howpublished = {\url{https://asana.com/es/resources/extreme-programming-xp#}},
  note = {Consultado el 20 de marzo de 2025}
}

@misc{extreme-programming-alliance,
  author = {{Agile Alliance}},
  title = {Agile glosary: Extreme Programming},
  howpublished = {\url{https://www.agilealliance.org/glossary/xp/}},
  note = {Consultado el 20 de marzo de 2025}
}

@misc{android-testing,
  author = {{Android Developers}},
  title = {Test apps on Android},
  year = {2024},
  howpublished = {\url{https://developer.android.com/training/testing}},
  note = {Consultado el 18 de diciembre de 2024}
}

@misc{android-architecture,
  author = {{Android Developers}},
  title = {Guía de arquitecturas de apps},
  year = {2025},
  howpublished = {\url{
https://developer.android.com/topic/architecture?hl=es-419}},
  note = {Consultado el 14 de marzo de 2025}
}

@misc{android-coroutines,
  author = {{Android Developers}},
  title = {Guía de arquitecturas de apps},
  year = {2024},
  howpublished = {\url{
https://developer.android.com/kotlin/coroutines?hl=es-419}},
  note = {Consultado el 23 de marzo de 2025}
}

@misc{mvvm,
  author = {{Alain Nicolás Tello}},
  title = {MVVM vs MVP},
  year = {2021},
  howpublished = {\url{https://alainnicolastello.medium.com/mvvm-es-el-mejor-patrón-de-diseño-para-android-alternativa-a-mvp-clean-96ed9dcc5d7e}},
  note = {Consultado el 14 de marzo de 2025}
}

@misc{figma,
  author = {{Figma Inc.}},
  title = {Figma: the collaborative interface design tool},
  year = {2024},
  howpublished = {\url{https://www.figma.com}},
  note = {Consultado el 10 de diciembre de 2024}
}

@misc{trello,
  author = {{Atlassian Trello}},
  title = {Capture, organize, and tackle your to-dos from anywhere},
  year = {2024},
  howpublished = {\url{https://trello.com}},
  note = {Consultado el 11 de diciembre de 2024}
}